<record><leader>00000cas a22000007a 4500</leader><controlfield tag="001">19033451</controlfield><controlfield tag="008">890118d18981972mouwr ne      0    0eng d</controlfield><datafield ind1=" " ind2=" " tag="010"><subfield code="a">sn 89066189 </subfield></datafield><datafield ind1=" " ind2=" " tag="040"><subfield code="a">MQN</subfield><subfield code="b">eng</subfield><subfield code="c">MQN</subfield><subfield code="d">OCLCQ</subfield></datafield><datafield ind1=" " ind2=" " tag="042"><subfield code="a">msc</subfield></datafield><datafield ind1="0" ind2="4" tag="245"><subfield code="a">The Lawrence County record.</subfield></datafield><datafield ind1=" " ind2=" " tag="260"><subfield code="a">Mt. Vernon, Lawrence County, Mo. :</subfield><subfield code="b">W.H. Hickman,</subfield><subfield code="c">-1972.</subfield></datafield><datafield ind1=" " ind2=" " tag="300"><subfield code="a">v.</subfield></datafield><datafield ind1=" " ind2=" " tag="310"><subfield code="a">Weekly</subfield></datafield><datafield ind1="1" ind2=" " tag="362"><subfield code="a">Began in 1898?</subfield></datafield><datafield ind1="0" ind2=" " tag="362"><subfield code="a">-v. 73, no. 51 (June 8, 1972).</subfield></datafield><datafield ind1=" " ind2=" " tag="588"><subfield code="a">Description based on: Vol. 4, no. 10 (July 25, 1901).</subfield></datafield><datafield ind1=" " ind2=" " tag="752"><subfield code="a">United States</subfield><subfield code="b">Missouri</subfield><subfield code="c">Lawrence</subfield><subfield code="d">Mount Vernon.</subfield></datafield><datafield ind1="0" ind2="7" tag="785"><subfield code="t">Lawrence chieftain</subfield><subfield code="w">(DLC)sn 86063632</subfield></datafield><datafield ind1="0" ind2="7" tag="785"><subfield code="t">Lawrence County record and the Lawrence chieftain</subfield><subfield code="w">(DLC)sn 89066196</subfield></datafield></record>